@article{Tyler1931a,
 URL = {http://www.jstor.org/stable/1470345},
 author = {Ralph W. Tyler},
 journal = {Educational Research Bulletin},
 number = {8},
 pages = {199--208},
 publisher = {Taylor \& Francis, Ltd.},
 title = {A Generalized Technique for Conducting Achievement Tests},
 volume = {10},
 year = {1931}
}

@article{Tyler1931ab,
title ={Chapter III: Nature of Learning Activities},
author = {Ralph W. Tyler},
journal = {Review of Educational Research},
volume = {1},
number = {1},
pages = {22-29},
year = {1931},
doi = {10.3102/00346543001001022},
}

@article{Tyler1933,
 URL = {http://www.jstor.org/stable/1471251},
 author = {Ralph W. Tyler},
 journal = {Educational Research Bulletin},
 number = {8},
 pages = {197--206},
 publisher = {Taylor \& Francis, Ltd.},
 title = {Formulating Objectives for Tests},
 volume = {12},
 year = {1933}
}

@article{Shuell1986,
author = {Thomas J. Shuell},
title ={Cognitive Conceptions of Learning},
journal = {Review of Educational Research},
volume = {56},
number = {4},
pages = {411-436},
year = {1986},
doi = {10.3102/00346543056004411},
}

@article{Kroger2010,
  doi = {10.1016/j.adolescence.2009.11.002},
  year = {2010},
  month = oct,
  publisher = {Elsevier {BV}},
  volume = {33},
  number = {5},
  pages = {683--698},
  author = {Jane Kroger and Monica Martinussen and James E. Marcia},
  title = {Identity status change during adolescence and young adulthood: A meta-analysis},
  journal = {Journal of Adolescence}
}

@article{Yeager2014,
  doi = {10.1037/a0037637},
  year = {2014},
  publisher = {American Psychological Association ({APA})},
  volume = {107},
  number = {4},
  pages = {559--580},
  author = {David S. Yeager and Marlone D. Henderson and David Paunesku and Gregory M. Walton and Sidney D{\textquotesingle}Mello and Brian J. Spitzer and Angela Lee Duckworth},
  title = {Boring but important: A self-transcendent purpose for learning fosters academic self-regulation.},
  journal = {Journal of Personality and Social Psychology}
}

@article{Chi2014,
  doi = {10.1080/00461520.2014.965823},
  year = {2014},
  month = oct,
  publisher = {Informa {UK} Limited},
  volume = {49},
  number = {4},
  pages = {219--243},
  author = {Michelene T. H. Chi and Ruth Wylie},
  title = {The {ICAP} Framework: Linking Cognitive Engagement to Active Learning Outcomes},
  journal = {Educational Psychologist}
}

@article{Andresen2000,
  doi = {10.1080/072943600445619},
  year = {2000},
  month = jul,
  publisher = {Informa {UK} Limited},
  volume = {19},
  number = {2},
  pages = {137--153},
  author = {Lee W. Andresen},
  title = {A Useable,  Trans-Disciplinary Conception of Scholarship},
  journal = {Higher Education Research {\&} Development}
}

@book{Boud2013,
  doi = {10.4324/9781315059051},
  url = {https://doi.org/10.4324/9781315059051},
  year = {2013},
  month = oct,
  publisher = {Routledge},
  author = {David Boud},
  title = {Reflection}
}

@article{Goodman1984,
  doi = {10.1007/bf01807939},
  year = {1984},
  month = sep,
  publisher = {Springer Science and Business Media {LLC}},
  volume = {15},
  number = {3},
  pages = {9--26},
  author = {Jesse Goodman},
  title = {Reflection and teacher education: A case study and theoretical analysis},
  journal = {Interchange}
}

@article{Mishra2006,
  doi = {10.1111/j.1467-9620.2006.00684.x},
  url = {https://doi.org/10.1111/j.1467-9620.2006.00684.x},
  year = {2006},
  month = jun,
  publisher = {Test accounts},
  volume = {108},
  number = {6},
  pages = {1017--1054},
  author = {PUNYA MISHRA and MATTHEW J. KOEHLER},
  title = {Technological Pedagogical Content Knowledge: A Framework for Teacher Knowledge},
  journal = {Teachers College Record}
}